@article{Ji_Peirani_Yi_2014, title={Lifetime of merger features of equal-mass disk mergers}, volume={566}, DOI={10.1051/0004-6361/201423530}, journal={Astronomy &amp; Astrophysics}, author={Ji, Inchan and Peirani, Sébastien and Yi, Sukyoung K.}, year={2014}, month={Jun}} 

@article{Mihos_2004, title={The Evolution of Tidal Debris}, volume={217}, DOI={10.1017/s007418090019802x}, journal={Symposium - International Astronomical Union}, author={Mihos, J. Christopher}, year={2004}, pages={390–399}} 

@article{Privon_Barnes_Evans_Hibbard_Yun_Mazzarella_Armus_Surace_2013, title={Dynamical modeling of galaxy mergers using identikit}, volume={771}, DOI={10.1088/0004-637x/771/2/120}, number={2}, journal={The Astrophysical Journal}, author={Privon, G. C. and Barnes, J. E. and Evans, A. S. and Hibbard, J. E. and Yun, M. S. and Mazzarella, J. M. and Armus, L. and Surace, J.}, year={2013}, month={Jun}, pages={120}} 

@article{Toomre_Toomre_1972, title={Galactic Bridges and Tails}, volume={178}, DOI={10.1086/151823}, journal={The Astrophysical Journal}, author={Toomre, Alar and Toomre, Juri}, year={1972}, month={Dec}, pages={623}} 

@article{van_der_Marel_Besla_2012, title={The M31 velocity vector. III. future milky way M31–M33 orbital evolution, merging, and fate of the sun}, volume={753}, DOI={10.1088/0004-637x/753/1/9}, number={1}, journal={The Astrophysical Journal}, author={van der Marel, Roeland P. and Besla, Gurtina and Cox, T. J. and Sohn, Sangmo Tony and Anderson, Jay}, year={2012}, month={Jun}} 

@article{Wang_Hammer_Athanassoula_Puech_Yang_Flores_2012, title={Loops formed by tidal tails as fossil records of a major merger}, volume={538}, DOI={10.1051/0004-6361/201117423}, journal={Astronomy &amp; Astrophysics}, author={Wang, J. and Hammer, F. and Athanassoula, E. and Puech, M. and Yang, Y. and Flores, H.}, year={2012}, month={Feb}} 