@article{Ji_Peirani_Yi_2014, title={Lifetime of merger features of equal-mass disk mergers}, volume={566}, DOI={10.1051/0004-6361/201423530}, journal={Astronomy &amp; Astrophysics}, author={Ji, Inchan and Peirani, Sébastien and Yi, Sukyoung K.}, year={2014}, month={Jun}} 

@article{Mihos_2004, title={The Evolution of Tidal Debris}, volume={217}, DOI={10.1017/s007418090019802x}, journal={Symposium - International Astronomical Union}, author={Mihos, J. Christopher}, year={2004}, pages={390–399}} 

@article{Privon_Barnes_Evans_Hibbard_Yun_Mazzarella_Armus_Surace_2013, title={Dynamical modeling of galaxy mergers using identikit}, volume={771}, DOI={10.1088/0004-637x/771/2/120}, number={2}, journal={The Astrophysical Journal}, author={Privon, G. C. and Barnes, J. E. and Evans, A. S. and Hibbard, J. E. and Yun, M. S. and Mazzarella, J. M. and Armus, L. and Surace, J.}, year={2013}, month={Jun}, pages={120}} 

@article{Toomre_Toomre_1972, title={Galactic Bridges and Tails}, volume={178}, DOI={10.1086/151823}, journal={The Astrophysical Journal}, author={Toomre, Alar and Toomre, Juri}, year={1972}, month={Dec}, pages={623}} 

@article{van_der_Marel_Besla_2012, title={The M31 velocity vector. III. future milky way M31–M33 orbital evolution, merging, and fate of the sun}, volume={753}, DOI={10.1088/0004-637x/753/1/9}, number={1}, journal={The Astrophysical Journal}, author={van der Marel, Roeland P. and Besla, Gurtina and Cox, T. J. and Sohn, Sangmo Tony and Anderson, Jay}, year={2012}, month={Jun}} 

@article{Wang_Hammer_Athanassoula_Puech_Yang_Flores_2012, title={Loops formed by tidal tails as fossil records of a major merger}, volume={538}, DOI={10.1051/0004-6361/201117423}, journal={Astronomy &amp; Astrophysics}, author={Wang, J. and Hammer, F. and Athanassoula, E. and Puech, M. and Yang, Y. and Flores, H.}, year={2012}, month={Feb}} 

@Article{Hunter:2007,
  Author    = {Hunter, J. D.},
  Title     = {Matplotlib: A 2D graphics environment},
  Journal   = {Computing in Science \& Engineering},
  Volume    = {9},
  Number    = {3},
  Pages     = {90--95},
  abstract  = {Matplotlib is a 2D graphics package used for Python for
  application development, interactive scripting, and publication-quality
  image generation across user interfaces and operating systems.},
  publisher = {IEEE COMPUTER SOC},
  doi       = {10.1109/MCSE.2007.55},
  year      = 2007
}

@article{numpy,
 title         = {Array programming with {NumPy}},
 author        = {Charles R. Harris and K. Jarrod Millman and St{\'{e}}fan J.
                 van der Walt and Ralf Gommers and Pauli Virtanen and David
                 Cournapeau and Eric Wieser and Julian Taylor and Sebastian
                 Berg and Nathaniel J. Smith and Robert Kern and Matti Picus
                 and Stephan Hoyer and Marten H. van Kerkwijk and Matthew
                 Brett and Allan Haldane and Jaime Fern{\'{a}}ndez del
                 R{\'{i}}o and Mark Wiebe and Pearu Peterson and Pierre
                 G{\'{e}}rard-Marchant and Kevin Sheppard and Tyler Reddy and
                 Warren Weckesser and Hameer Abbasi and Christoph Gohlke and
                 Travis E. Oliphant},
 year          = {2020},
 month         = sep,
 journal       = {Nature},
 volume        = {585},
 number        = {7825},
 pages         = {357--362},
 doi           = {10.1038/s41586-020-2649-2},
 publisher     = {Springer Science and Business Media {LLC}},
 url           = {https://doi.org/10.1038/s41586-020-2649-2}
}

@book{python,
  author    = {Van Rossum, Guido and Drake, Fred L.},
  title     = {Python 3 Reference Manual},
  year      = {2009},
  isbn      = {1441412697},
  publisher = {CreateSpace},
  address   = {Scotts Valley, CA}
}

@ARTICLE{software-citation-station-paper,
       author = {{Wagg}, Tom and {Broekgaarden}, Floor S.},
        title = "{Streamlining and standardizing software citations with The Software Citation Station}",
      journal = {arXiv e-prints},
     keywords = {Astrophysics - Instrumentation and Methods for Astrophysics, Computer Science - Digital Libraries},
         year = 2024,
        month = jun,
          eid = {arXiv:2406.04405},
        pages = {arXiv:2406.04405},
archivePrefix = {arXiv},
       eprint = {2406.04405},
 primaryClass = {astro-ph.IM},
       adsurl = {https://ui.adsabs.harvard.edu/abs/2024arXiv240604405W},
      adsnote = {Provided by the SAO/NASA Astrophysics Data System}
}

@software{software-citation-station-zenodo,
  author       = {Tom Wagg and
                  Floor Broekgaarden and
                  Kayhan Gültekin},
  title        = {TomWagg/software-citation-station: v1.2},
  month        = aug,
  year         = 2024,
  publisher    = {Zenodo},
  version      = {v1.2},
  doi          = {10.5281/zenodo.13225824},
  url          = {https://doi.org/10.5281/zenodo.13225824},
}